
@misc{martinez_basterrechea_iq4305_2021,
	address = {Santiago, Chile},
	type = {Curso {Departamento} de {Ingeniería} {Química}, {Biotecnología} y {Materiales}},
	title = {{IQ4305} {Reactores} {Químicos} y {Bioquímicos}},
	language = {Español},
	author = {Martínez Basterrechea, Irene and Caroca P., F. Andrés and Rojas F., Javier and Pavez P., Amanda and Espinosa G., Dominga and Moraga T., Javiera},
	month = aug,
	year = {2021},
	annote = {Facultad de Ciencias Físicas y Matemáticas, Universidad de Chile},
}

@misc{cd_agitatorcom_cd_2012,
	type = {Homepage},
	title = {{CD} {Agitator}.com},
	url = {https://www.cdagitator.com/},
	abstract = {Specializing in agitators, mixers, tank agitator and mixers, industrial agitators and mixers,chemical mixers, Impellers, the best supplier and manufacturer of China},
	language = {zh-CN},
	urldate = {2021-09-04},
	journal = {Agitator industrial mixers manufacturer and supplier of China},
	author = {{CD Agitator.com}},
	year = {2012},
	file = {Snapshot:C\:\\Users\\juans\\Zotero\\storage\\MXCQ3DC6\\www.cdagitator.com.html:text/html},
}

@book{doran_bioprocess_2004,
	address = {Amsterdam},
	edition = {Reprint},
	title = {Bioprocess engineering principles},
	isbn = {978-0-12-220855-3 978-0-12-220856-0},
	language = {English},
	publisher = {Elsevier/Acad. Press},
	author = {Doran, Pauline M.},
	year = {2004},
	annote = {Literaturangaben},
}

@book{levenspiel_chemical_1999,
	address = {New York},
	edition = {3rd ed},
	title = {Chemical reaction engineering},
	isbn = {978-0-471-25424-9},
	publisher = {Wiley},
	author = {Levenspiel, Octave},
	year = {1999},
	keywords = {Chemical reactors},
}

@book{pirt_principles_1975,
	address = {New York},
	title = {Principles of microbe and cell cultivation},
	isbn = {978-0-470-69038-3},
	publisher = {Wiley},
	author = {Pirt, S. J.},
	year = {1975},
	keywords = {Cultures and culture media, Microbiology},
	annote = {"A Halsted Press book." Includes index},
}
